@misc{jones, title={Coders at Work: Simon Peyton Jones}, url={http://www.codersatwork.com/simon-peyton-jones.html}, journal={Coders at Work: Simon Peyton Jones}, publisher={codersatwork.com}, author={Jones, Simon Peyton}}


@misc{ wiki:jones,
    author = "{Wikipedia contributors}",
    title = "Simon Peyton Jones --- {Wikipedia}{,} The Free Encyclopedia",
    year = "2018",
    url = "https://en.wikipedia.org/w/index.php?title=Simon_Peyton_Jones&oldid=848009004",
    note = "[Online; accessed 13-November-2018]"
  }
  
 @misc{haskell98, title={Haskell 98 Language and Libraries - The Revised Report}, url={https://www.haskell.org/onlinereport/}, journal={Haskell 98 Language and Libraries}, publisher={haskell.org}, author={Jones, Simon Peyton}}
  
  
@misc{microsoft:jones,
    author = "{Microsoft}",
    title = "Simon Peyton Jones Principal Researcher at Microsoft",
    year = "2018",
    url = "https://www.microsoft.com/en-us/research/people/simonpj",
    note = "[Online; accessed 13-November-2018]"
  }
  

@misc{microsoft:research:jones,

    author = "{Microsoft}",
    title = "Simon Loftus Peyton Jones",
    year = "2018",
    url = "https://www.researchgate.net/profile/Simon_Peyton_Jones",
    note = "[Online; accessed 13-November-2018]"
  }
  
@misc{tiobe:index,
    author = "{Haskell}",
    title = "Haskell in Industry",
    year = "2018",
    url = "https://wiki.haskell.org/Haskell_in_industry",
    note = "[Online; accessed 13-November-2018]"
  }
  
@misc{htwagp,
    author = "{Simon Peyton Jones}",
    title = "How to write a great research paper",
    year = "2018",
    url = "https://www.microsoft.com/en-us/research/academic-program/write-great-research-paper/",
    note = "[Online; accessed 13-November-2018]"
  }
  
@article{backpack,
    author = {Kilpatrick, Scott and Dreyer, Derek and Peyton Jones, Simon and Marlow, Simon},
    year = {2014},
    month = {01},
    pages = {19-31},    
    title = {Backpack: Retrofitting Haskell with Interfaces},
    volume = {49},
    journal = {ACM SIGPLAN Notices},
    doi = {10.1145/2535838.2535884}
}