@inproceedings{Hofer:2007:RAM:1233833.1233838,
 author = {Hofer, Christian and Ostermann, Klaus},
 title = {On the Relation of Aspects and Monads},
 booktitle = {Proceedings of the 6th Workshop on Foundations of Aspect-oriented Languages},
 series = {FOAL '07},
 year = {2007},
 isbn = {978-1-59593-671-4},
 location = {Vancouver, British Columbia, Canada},
 pages = {27--33},
 numpages = {7},
 url = {http://doi.acm.org/10.1145/1233833.1233838},
 doi = {10.1145/1233833.1233838},
 acmid = {1233838},
 publisher = {ACM},
 address = {New York, NY, USA},
 keywords = {aspect-oriented programming, aspects, monad transformers, monads},
} 

@article{craport,
author = {Mens, Kim and Videira Lopes, Cristina and Tekinerdogan, Bedir and Kiczales, Gregor},
year = {1997},
month = {06},
pages = {483-496},
title = {Aspect-Oriented Programming Workshop Report},
volume = {1357},
doi = {10.1007/3-540-69687-3_88}
}

@inproceedings{lammel1999declarative,
  title={Declarative Aspect-Oriented Programming.},
  author={L{\"a}mmel, Ralf},
  booktitle={PEPM},
  pages={131--146},
  year={1999}
}

@unknown{haskell,
author = {Lin, Chuan-Kai},
year = {2006},
month = {09},
pages = {274-285},
title = {Programming monads operationally with Unimo},
volume = {41},
journal = {ACM SIGPLAN Notices},
doi = {10.1145/1159803.1159840}
}

@misc{ wiki:monad,
    author = "{Wikipedia contributors}",
    title = "Monad (functional programming) --- {Wikipedia}{,} The Free Encyclopedia",
    year = "2018",
    url = "https://en.wikipedia.org/w/index.php?title=Monad_(functional_programming)&oldid=871435511",
    note = "[Online; accessed 1-December-2018]"
  }

@unknown{frameworkf,
author = {Mannock, Keith and Chacowry, N},
year = {2017},
month = {12},
pages = {},
title = {An aspect-oriented framework for F\#}
}

@misc{ wiki:aspect,
    author = "{Wikipedia contributors}",
    title = "Aspect-oriented programming --- {Wikipedia}{,} The Free Encyclopedia",
    year = "2018",
    url = "https://en.wikipedia.org/w/index.php?title=Aspect-oriented_programming&oldid=868173898",
    note = "[Online; accessed 1-December-2018]"
}
  
  
@article{main,
    author = {De Meuter, Wolfgang},
    year = {2001},
    month = {01},
    pages = {},
    title = {Monads as a theoretical foundation for AOP}
}

@article{aopfpi,
    author = {Wang, Meng and Oliveira, Bruno},
    year = {2009},
    month = {08},
    pages = {37-48},
    title = {What does aspect-oriented programming mean for     functional programmers?},
    isbn = {978-1-60558-510-9},
    doi = {10.1145/1596614.1596621}
}