@article{monthfoundaop,
    author = {De Meuter, Wolfgang},
    year = {2001},
    month = {01},
    pages = {},
    title = {Monads as a theoretical foundation for AOP}
}


@inproceedings{inproceedings,
    author = {Masuhara, Hidehiko and Tatsuzawa, Hideaki and Yonezawa, Akinori},
    year = {2005},
    month = {01},
    pages = {320-330},
    title = {Aspectual Caml: An aspect-oriented functional language},
    volume = {40},
    journal = {ACM SIGPLAN Notices},
    doi = {10.1145/1086365.1086405}
}

@inproceedings{Wang:2009:APM:1596614.1596621,
     author = {Wang, Meng and Oliveira, Bruno C. d. S.},
     title = {What Does Aspect-oriented Programming Mean for Functional Programmers?},
     booktitle = {Proceedings of the 2009 ACM SIGPLAN Workshop on Generic Programming},
     series = {WGP '09},
     year = {2009},
     isbn = {978-1-60558-510-9},
     location = {Edinburgh, Scotland},
     pages = {37--48},
     numpages = {12},
     url = {http://doi.acm.org/10.1145/1596614.1596621},
     doi = {10.1145/1596614.1596621},
     acmid = {1596621},
     publisher = {ACM},
     address = {New York, NY, USA},
     keywords = {aspect-oriented programming, functional programming, program extensibility and adaptability, separation of concerns},
} 
