@book{wilson2011architecture,
  title={The Architecture of Open Source Applications, Volume II},
  author={Wilson, Greg},
  isbn={9781105571817},
  year={2011},
  publisher={Creative Commons Attribution}
}
@book{wiki,
  title={GHC GitLab Wiki},
  author={GHC's Development Community},
  url={https://gitlab.haskell.org/ghc/ghc/wikis/home},
  year={2010},
  publisher={Creative Commons Attribution}
}