@misc{aosabook,
  author = {Berk Geveci, Will Schroeder},
  title = {{The Architecture of Open Source Applications}},
  howpublished = "\url{https://aosabook.org//en/vtk.html}",
  year = {2019},
}

@misc{git,
  author = {Berk Geveci, Will Schroeder},
  title = {{VTK}},
  howpublished = "\url{https://github.com/Kitware/VTK}",
  year = {2019},
}